Automatically generated by Mendeley Desktop 1.19.4
Any changes to this file will be lost if it is regenerated by Mendeley.

BibTeX export options can be customized via Options -> BibTeX in Mendeley Desktop

@article{Bahrle-Rapp2010,
author = {B{\"{a}}hrle-Rapp, Marina},
doi = {10.1007/978-3-540-71095-0_9014},
file = {:home/tristan/.local/share/data/Mendeley Ltd./Mendeley Desktop/Downloaded/B{\"{a}}hrle-Rapp - 2010 - Rubus fruticosus.pdf:pdf},
journal = {Springer Lexikon Kosmetik und K{\"{o}}rperpflege},
pages = {483--483},
title = {{Rubus fruticosus}},
year = {2010}
}
@article{Pawar2016,
author = {Pawar, Samraat},
file = {:home/tristan/.local/share/data/Mendeley Ltd./Mendeley Desktop/Downloaded/Pawar - 2016 - Masters in Computational Methods in Ecology and Evolution Programme Guidebook.pdf:pdf},
title = {{Masters in Computational Methods in Ecology and Evolution Programme Guidebook}},
year = {2016}
}
